<?xml version="1.0" encoding="UTF-8"?><record xmlns="http://www.loc.gov/MARC21/slim" xmlns:cinclude="http://apache.org/cocoon/include/1.0" xmlns:zs="http://www.loc.gov/zing/srw/">
  <leader>00777cz  a2200157n  4500</leader>
  <controlfield tag="001">nr 96017739 </controlfield>
  <controlfield tag="003">DLC</controlfield>
  <controlfield tag="005">20120807085724.0</controlfield>
  <controlfield tag="008">960509nc acannaabn          |a ana     c</controlfield>
  <datafield tag="010" ind1=" " ind2=" ">
    <subfield code="a">nr 96017739 </subfield>
  </datafield>
  <datafield tag="035" ind1=" " ind2=" ">
    <subfield code="a">(OCoLC)oca04078748</subfield>
  </datafield>
  <datafield tag="040" ind1=" " ind2=" ">
    <subfield code="a">NjP</subfield>
    <subfield code="b">eng</subfield>
    <subfield code="c">NjP</subfield>
    <subfield code="d">DLC</subfield>
    <subfield code="d">OCoLC</subfield>
    <subfield code="d">DLC-R</subfield>
    <subfield code="d">DLC</subfield>
  </datafield>
  <datafield tag="111" ind1="2" ind2=" ">
    <subfield code="a">Yuenan di qu ba quan zhu yi wen ti xue shu tao lun hui</subfield>
    <subfield code="d">(1984 :</subfield>
    <subfield code="c">Nanning, China)</subfield>
  </datafield>
  <datafield tag="411" ind1="2" ind2=" ">
    <subfield code="w">nnea</subfield>
    <subfield code="a">Yüeh-nan ti chʻü pa chʻüan chu i wen tʻi hsüeh shu tʻao lun hui</subfield>
    <subfield code="d">(1984 :</subfield>
    <subfield code="c">Nanning, China)</subfield>
  </datafield>
  <datafield tag="667" ind1=" " ind2=" ">
    <subfield code="a">THIS 1XX FIELD CANNOT BE USED UNDER RDA UNTIL THIS RECORD HAS BEEN REVIEWED AND/OR UPDATED</subfield>
  </datafield>
  <datafield tag="670" ind1=" " ind2=" ">
    <subfield code="a">Yüeh-nan ti chʻü pa chʻüan chu i wen tʻi, 1984:</subfield>
    <subfield code="b">pref. (Yüeh-nan ti chʻü pa chʻüan chu i wen tʻi hsüeh shu tʻao lun hui, held 10/1984, Nan-ning)</subfield>
  </datafield>
</record>